@article{neumann33,
     author  = {Bernd Neumann},
     title   = {Die {A}utomorphismengruppe der freien {G}ruppen},
     journal = {Math. Annalen},
     volume  = 107,
     year    = 1933,
     pages   = {367 -- 386} }

@mastersthesis{sievers03,
     author  = {Christian Sievers},
     title   = {Algorithmen f\accent127ur freie {G}ruppen},
     school  = {TU Braunschweig},
     year    = 2003,
     type    = {Diplomarbeit},
     note    = {Forthcoming} }
